Automatically generated by Mendeley 1.1.3
Any changes to this file will be lost if it is regenerated by Mendeley.

@article{Milojicic1999,
author = {Milojicic, Dejan S and Douglis, Fred and Paindaveine, Yves and Wheeler, Richard and Zhou, Songnian},
file = {:Users/cb/Downloads/10.1.1.123.3632.pdf:pdf},
journal = {Computing},
title = {{Process Migration}},
year = {1999}
}
